@misc{ xcodewiki,
    author = "{Wikipedia contributors}",
    title = "Xcode --- {Wikipedia}{,} The Free Encyclopedia",
    year = "2021",
    howpublished = "\url{https://en.wikipedia.org/w/index.php?title=Xcode&oldid=1052291725}",
    note = "[Online; accessed 6-November-2021]"
  }

@misc{ applewiki,
    author = "{Wikipedia contributors}",
    title = "Apple --- {Wikipedia}{,} The Free Encyclopedia",
    year = "2021",
    howpublished = "\url{https://en.wikipedia.org/w/index.php?title=Apple&oldid=1053793088}",
    note = "[Online; accessed 6-November-2021]"
  }
  
@online{xcodevcs,
  	author = "Apple",
  	title = "Using Source Code Control",
	howpublished = "\url{https://developer.apple.com/library/archive/documentation/ToolsLanguages/Conceptual/Xcode_Overview/UsingSourceCodeControl.html}"
  }
  
@online{g2xreviews,
  	author = "Contributors",
  	title = "Xcode reviews",
  	year = "2021",
	howpublished = "\url{https://www.g2.com/products/xcode/reviews#details}"
  }
  
 @online{ashfurrow,
  	author = "ashfurrow",
  	title = "Xcode Hardware Performance",
  	year = "2021",
	howpublished = "\url{https://github.com/ashfurrow/xcode-hardware-performance}"
  }
@online{vilcek,
  	author = "Vilček T., Jakopec T.",
  	title = "Comparative analysis of tools for development of native and hybrid mobile applications",
  	year = "2017",
	howpublished = "\url{https://ieeexplore.ieee.org/document/7973662/}"
  }
@ARTICLE{history,
  author={Guterl, Fred},
  journal={IEEE Spectrum}, 
  title={Design case history: Apple's Macintosh: A small team of little-known designers, challenged to produce a low-cost, exceptionally easy-to-use personal computer, turns out a technical milestone}, 
  year={1984},
  volume={21},
  number={12},
  pages={34-43},
  doi={10.1109/MSPEC.1984.6370374}
}

@INPROCEEDINGS{xcodedev,
  author={Javed, Muhammad and Estep, Mike},
  booktitle={2019 International Conference on Computational Science and Computational Intelligence (CSCI)}, 
  title={Teaching Undergraduate Software Engineering: Xcode Mobile App Development during Dedicated Lab Periods}, 
  year={2019},
  volume={},
  number={},
  pages={843-848},
  doi={10.1109/CSCI49370.2019.00160}
}

@online{applesuc,
  	author = "Maiorca D.",
  	title = "What Makes Apple Successful?",
  	year = "2021",
	howpublished = "\url{https://www.makeuseof.com/what-makes-apple-successful/}"
  }

@INPROCEEDINGS{xcodeieee,
  author={Chuang, Chen-Chia and Jeng, Jin-Tsong and Wang, Wen-June and Su, Shun-Feng and Lin, Dong-Han},
  booktitle={2013 IEEE 9th International Conference on Computational Cybernetics (ICCC)}, 
  title={iOS based speed estimation for the video car recorder system}, 
  year={2013},
  volume={},
  number={},
  pages={61-65},
  doi={10.1109/ICCCyb.2013.6617562}
}

@INPROCEEDINGS{xcodestud,
  author={Rebouças, Marcel and Pinto, Gustavo and Ebert, Felipe and Torres, Weslley and Serebrenik, Alexander and Castor, Fernando},
  booktitle={2016 IEEE 23rd International Conference on Software Analysis, Evolution, and Reengineering (SANER)}, 
  title={An Empirical Study on the Usage of the Swift Programming Language}, 
  year={2016},
  volume={1},
  number={},
  pages={634-638},
  doi={10.1109/SANER.2016.66}
}



























